<?xml version="1.0" encoding="UTF-8"?><collection xmlns="http://www.loc.gov/MARC21/slim"><record><leader>00428nam--2200145-i-4500</leader><controlfield tag="001">000023403</controlfield><controlfield tag="002">20161230</controlfield><controlfield tag="005">20161230201035</controlfield><controlfield tag="008">060222s1000------------r-----000-0-eng-d</controlfield><datafield ind1=" " ind2=" " tag="080"><subfield code="a">546.65:54-31</subfield></datafield><datafield ind1=" " ind2=" " tag="245"><subfield code="a">High temperature oxides. part.4: refractory glasses-ceramics and ceramics</subfield></datafield><datafield ind1=" " ind2=" " tag="260"><subfield code="a">New York, Academic Press, 1970</subfield></datafield><datafield ind1=" " ind2=" " tag="490"><subfield code="a">Refractory Materials. A Series Of Monograph</subfield></datafield><datafield ind1=" " ind2=" " tag="700"><subfield code="a">Aller, Allen M</subfield></datafield><datafield ind1=" " ind2=" " tag="852"><subfield code="a">35411</subfield></datafield></record></collection>